%Newly added
@article{fgd,
title = "The \{T2K\} fine-grained detectors ",
journal = "Nuclear Instruments and Methods in Physics Research Section A: Accelerators, Spectrometers, Detectors and Associated Equipment ",
volume = "696",
pages = "1 - 31",
year = "2012",
issn = "0168-9002",
doi = "http://dx.doi.org/10.1016/j.nima.2012.08.020",
url = "http://www.sciencedirect.com/science/article/pii/S0168900212008789",
author = "P.-A. Amaudruz and others"
}
@article{duet,
  title = {Measurement of absorption and charge exchange of ${\ensuremath{\pi}}^{+}$ on carbon},
  author = {Ieki, K. and others},
  collaboration = {DUET Collaboration},
  journal = {Phys. Rev. C},
  volume = {92},
  issue = {3},
  pages = {035205},
  numpages = {18},
  year = {2015},
  month = {Sep},
  publisher = {American Physical Society},
  doi = {10.1103/PhysRevC.92.035205},
  url = {http://link.aps.org/doi/10.1103/PhysRevC.92.035205}
}
@article{Oset,
title = "A theoretical approach to pion nuclear reactions in the resonance region",
journal = "Physics Letters B",
volume = "165",
number = "1",
pages = "13 - 18",
year = "1985",
note = "",
issn = "0370-2693",
doi = "http://dx.doi.org/10.1016/0370-2693(85)90681-1",
url = "http://www.sciencedirect.com/science/article/pii/0370269385906811",
author = "E. Oset and L.L. Salcedo and D. Strottman",

}

@ARTICLE{Salcedo,
   author = {{Salcedo}, L.~L. and {Oset}, E. and {Vicente-Vacas}, M.~J. and 
	{Garcia-Recio}, C.},
    title = "{Computer simulation of inclusive pion nuclear reactions}",
  journal = {Nuclear Physics A},
     year = 1988,
    month = jul,
   volume = 484,
    pages = {557-592},
      doi = {10.1016/0375-9474(88)90310-7},
   adsurl = {http://adsabs.harvard.edu/abs/1988NuPhA.484..557S},
  adsnote = {Provided by the SAO/NASA Astrophysics Data System}
}
@article{NuWro,
  title = {Effects of final-state interactions in neutrino-nucleus interactions},
  author = {Golan, Tomasz and Juszczak, Cezary and Sobczyk, Jan T.},
  journal = {Phys. Rev. C},
  volume = {86},
  issue = {1},
  pages = {015505},
  numpages = {13},
  year = {2012},
  month = {Jul},
  publisher = {American Physical Society},
  doi = {10.1103/PhysRevC.86.015505},
  url = {http://link.aps.org/doi/10.1103/PhysRevC.86.015505}
}

@ARTICLE{fluka1,
   author = {{B{\"o}hlen}, T.~T. and others},
    title = "{The FLUKA Code: Developments and Challenges for High Energy and Medical Applications}",
  journal = {Nuclear Data Sheets},
     year = 2014,
    month = jun,
   volume = 120,
    pages = {211-214},
      doi = {10.1016/j.nds.2014.07.049},
   adsurl = {http://adsabs.harvard.edu/abs/2014NDS...120..211B},
  adsnote = {Provided by the SAO/NASA Astrophysics Data System}
}
@book{fluka2,
      author        = "Ferrari, A and Sala, Paola R and Fass√≤, A and Ranft,
                       Johannes",
      title         = "{FLUKA: A multi-particle transport code}",
      publisher     = "CERN",
      address       = "Geneva",
      year          = "2005",
      url           = "https://cds.cern.ch/record/898301",
}

@book{scibar,
author = "M. Hasegawa and others ",
title = "Measurement of Neutrino Oscillation Parameters with Neutrino Nucleus Interaction Studies in the K2K Experiment. Ph.D. thesis", 
publisher = "Kyoto University",
year = "2005",
}

@article{bertini,
title = "The Geant4 Bertini Cascade ",
journal = "Nuclear Instruments and Methods in Physics Research Section A: Accelerators, Spectrometers, Detectors and Associated Equipment ",
volume = "804",
number = "",
pages = "175 - 188",
year = "2015",
note = "",
issn = "0168-9002",
doi = "http://dx.doi.org/10.1016/j.nima.2015.09.058",
url = "http://www.sciencedirect.com/science/article/pii/S0168900215011134",
author = "D.H. Wright and M.H. Kelsey",
keywords = "Hadronic physics models",
keywords = "Simulation",
keywords = "Geant4 "
}


@Article{Bellotti1973,
author="Bellotti, E.
and Cavalli, D.
and Matteuzzi, C.",
title="Positive-pion absorption by C nuclei at 130 MeV",
journal="Il Nuovo Cimento A (1965-1970)",
year="1973",
volume="18",
number="1",
pages="75--93",
issn="1826-9869",
doi="10.1007/BF02820838",
url="http://dx.doi.org/10.1007/BF02820838"
}
@Article{Bellotti1973_2,
author="Bellotti, E.
and Bonetti, S.
and Cavalli, D.
and Matteuzzi, C.",
journal="Il Nuovo Cimento A (1965-1970)",
year="1973",
volume="14",
number="3",
pages="567--590",
issn="1826-9869",
doi="10.1007/BF02756275",
url="http://dx.doi.org/10.1007/BF02756275"
}

@misc{Ashery, 
auTHor = "D. Ashery and others", 
howpublished = "Phys. Rev. C {\bf 23}, 2173",
year = "1981"
}
@misc{Blecher, 
auTHor = "M.Blecher and others", 
howpublished = "Phys. Rev. C {\bf 20}, 1884",
year = "1979"
}
@misc{Johnson, 
auTHor = "R.R.Johnson and others", 
howpublished = "Nucl. Phys. {\bf A296}, 440-460",
year = "1978"
}
@misc{Antonuk, 
auTHor = "L.E. Antonuk and others", 
howpublished = "Nucl. Phys. {\bf A420}, 435-460",
year = "1984"
}
@misc{Alden, 
auTHor = "Alden T. Oyer", 
howpublished = "LA-6599-T",
year = "1976"
}
@misc{Michael, 
auTHor = "Mihael John Devereux", 
howpublished = "LA-7851-T",
year = "1979"
}
@misc{Binon, 
auTHor = "F.Binon and others", 
howpublished = "Nucl. Phys. {\bf B17}, 168-188",
year = "1970"
}
@misc{Frank, 
auTHor = "J.S.Frank and others", 
howpublished = "Phys. Rev. D {\bf 28}, 1569",
year = "1983"
}
@misc{Joram, 
auTHor = "Ch. Joram and others", 
howpublished = "Phys. Rev. C {\bf 51}, 2159",
year = "1995"
}
@misc{Brack1, 
auTHor = "J.T.Brack and others", 
howpublished = "Phys. Rev. C {\bf 34}, 1771",
year = "1986"
}
@misc{Brack2, 
auTHor = "J.T.Brack and others", 
howpublished = "Phys. Rev. C {\bf 51}, 929",
year = "1995"
}
@misc{Bussey, 
auTHor = "P.J.Bussey and others", 
howpublished = "Nucl. Phys. {\bf B58} 363-377",
year = "1973"
}
@misc{NEUT, 
auTHor = "Y. Hayato and others", 
howpublished = "Nucl. Phys. B, Proc. Suppl. 112, 171",
year = "2002"
} 
@misc{gamma, 
auTHor = "G.A.P. Cirrone and others", 
howpublished = "Nucl. Instr. and Meth. A 618 315-322",
year = "2010"
} 

@misc{fgdnim, 
auTHor = "P.-A. Amaudruz and others", 
howpublished = "Nucl. Instr. and Meth. A 696 1-31",
year = "2012"
} 

@misc{Rowntree, 
auTHor = "D. Rowntree and others",
Title = "$\pi^{+}$ absorption on N and Ar",
howpublished = "Phys. Rev. C, 60:054610",
year = "1999"
}

@misc{Giannelli,
auTHor = "Giannelli and others",
Title = "Multiproton final states in positive pion absorption below the $\Delta$(1232) resonance",
howpublished = "Phys. Rev. C, 61:054615",
year = "2000"
}

@misc{Nakai,
auTHor = "K. Nakai and others",
Title = "Measurements of Cross Sections for Pion Absorption by Nuclei",
howpublished = "Phys. Rev. Lett., 44(22):1446",
year = "1979"
}

@misc{Saunders,
auTHor = "A. Saunders and others",
Title = "Reaction and total cross sections for low energy $\pi^+$ and $\pi^-$ on isospin zero nuclei",
howpublished = "Phys. Rev. C, 53(4):1745",
year = "1996"
}

@misc{Navon,
auTHor = "I. Navon and others",
Title = "True absorption and scattering of 50 {MeV} pions",
howpublished = "Phys. Rev. C, 28(6):2548",
year = "1983"
}

@misc{Bowles,
auTHor = "T. J. Bowles and others",
Title = "Inclusive ($\pi^\pm$,$\pi^0$) reactions in nuclei",
howpublished = "Phys. Rev. C, 23(1):439",
year = "1981"
}

@misc{Carroll,
auTHor = "A. S. Carroll and others",
Title = "Pion-nucleus total cross sections in the (3,3) resonance region",
howpublished = "Phys. Rev. C, 14(2):635",
year = "1976"
}

@misc{Ashery2,
auTHor = "D. Ashery and others",
Title = "Inclusive pion single-charge-exchange reactions",
howpublished = "Phys. Rev. C, 30(3):946",
year = "1984"
}

@misc{Clough,
auTHor = "A. S. Clough and others",
Title = "Pion-nucleus total cross sections from 88 to 860 {MeV}",
howpublished = "Nucl. Phys. B, 76:15",
year = "1974"
}

@misc{Levenson,
auTHor = "S. M. Levenson and others",
Title = "Inclusive pion scattering in the $\Delta$(1232) region",
howpublished = "Phys. Rev. C, 28(1):326",
year = "1983"
}

@misc{Ingram,
auTHor = "C. H. Q. Ingram and others",
Title = "Quasielastic scattering of pions from 16O at energies around the $\Delta$(1232) resonance",
howpublished = "Phys. Rev. C, 27(4):1578",
year = "1983"
}

@misc{Wood,
auTHor = "S. A. Wood and others",
Title = "Systematics of inclusive pion double charge exchange in the delta resonance region",
howpublished = "Phys. Rev. C, 46(5):1903",
year = "1992"
}

@misc{Miller,
auTHor = "R. H. Miller",
Title = "Inelastic Scattering of 150 {MeV} Negative Pions by Carbon and Lead",
howpublished = "Nuovo Cimento, 6(4):882",
year = "1957"
}

@misc{Jones,
auTHor = "M. K. Jones and others",
Title = "Pion absorption above the $\Delta$(1232) resonance",
howpublished = "Phys. Rev. C, 48(6):2800",
year = "1993"
}

@misc{Gelderloos,
auTHor = "C. J. Gelderloos and others",
Title = "Reaction and total cross sections for 400 to 500 {MeV} $\pi^-$ on nuclei",
howpublished = "Phys. Rev. C, 62:024612",
year = "2000"
}

@misc{Crozon,
auTHor = "M. Crozon and others",
Title = "Etude de la diffusion $\pi$-noyau entre 500 et 1300 {MeV}",
howpublished = "Nucl. Physics, 64:567",
year = "1964"
}

@misc{Takahashi,
auTHor = "T. Takahashi and others",
Title = "$\pi^-$- $^{12}C$ elastic scattering above the $\Delta$ resonance",
howpublished = "Phys. Rev. C, 51(5):2542",
year = "1995"
}

@misc{Allardyce,
auTHor = "B. W. Allardyce and others",
Title = "Pion reaction cross sections and nuclear size",
howpublished = "Nucl. Physics A, 209:1",
year = "1973"
}

@misc{Cronin,
auTHor = "J. W. Cronin and others",
Title = "Cross Sections of Nuclei for High-Energy Pions",
howpublished = "Phys. Rev., 107(4):1121",
year = "1957"
}

@misc{Fujii,
auTHor = "Y. Fujii and others",
Title = "Quasielastic $\pi^-$-nucleus scattering at 950 {MeV/c}",
howpublished = "Phys. Rev. C, 64:034608",
year = "2001"
}

@misc{Aoki,
auTHor = "K. Aoki and others",
Title = "Elastic and inelastic scattering of $\pi^+$ and $\pi^-$ on $^{12}C$ at 995 {MeV/c}",
howpublished = "Phys. Rev. C, 76:024610",
year = "2007"
}

@misc{Grion,
auTHor = "N. Grion and others",
Title = "Pion production by pions in the $^{16}O$($\pi^+$,$\pi^+\pi^-$) reaction at $T_{\pi^+}$ = 280 {MeV}",
howpublished = "Nucl. Phys. A, 492:509",
year = "1989"
}

@misc{Rahav,
auTHor = "A. Rahav and others",
Title = "Measurement of the $^{12}C$($\pi$, 2$\pi$) Reactions and Possible Evidence of a Double-$\beta$ Excitation",
howpublished = "Phys. Rev. Lett., 66(10):1279",
year = "1991"
}

@misc{midas,
auTHor         = "Ritt, S. and Amaudruz, P. and Olchanski, K.",
Title          = "{MIDAS (Maximum Integration Data Acquisition System}",
year           = "2001"
}

@manual{bertini,
  author = 	 "A. Heikkinen and others",
  title = 	 {Bertini intra-nuclear cascade implementation in {Geant4}},
  year = 	 2003,
  address =      "\url{http://arxiv.org/abs/nucl-th/0306008}"
}

@Article{moinester,
  author = 	 "M. A. Moinester and others",
  title = 	 {Elastic scattering of positive pions on $^{12}${C} at 49.9 {MeV}},
  journal = 	 "Phys. Rev.",
  year = 	 1978,
  volume = 	 "C18",
  pages = 	 2678
}

@Article{leonard,
  author = 	 "S. L. Leonard and D. H. Stork",
  title = 	 {Total Cross Section for Positive Ions in Hydrogen},
  journal = 	 "Phys. Rev.",
  year = 	 1954,
  volume = 	 "93",
  pages = 	 568
}

@Article{anderson,
  author = 	 "H. L. Anderson and others",
  title = 	 {Angular Distribution of Pions Scattered by Hydrogen},
  journal = 	 "Phys. Rev.",
  year = 	 1953,
  volume = 	 "91",
  pages = 	 155
}

@Article{anderson2,
  author = 	 "H. L. Anderson and M. Glicksman",
  title = 	 {Scattering of pions by Hydrogen at 165 {MeV}},
  journal = 	 "Phys. Rev.",
  year = 	 1955,
  volume = 	 "100",
  pages = 	 268
}

@Article{ashkin,
  author = 	 "J. Ashkin and others",
  title = 	 {Total Cross Sections for Negative and Positive Pions in Hydrogen and Deuterium},
  journal = 	 "Phys. Rev.",
  year = 	 1954,
  volume = 	 "96",
  pages = 	 1104
}

@Article{lindenbaum,
  author = 	 "S. J. Lindenbaum and Luke C. L. Yuan",
  title = 	 {Total Cross Section of Hydrogen for 150- to 750-{MeV} Positive and Negative Pions},
  journal = 	 "Phys. Rev.",
  year = 	 1955,
  volume = 	 "100",
  pages = 	 306
}

@Article{johnson,
  author = 	 "R. R. Johnson and others",
  title = 	 {ELASTIC SCATTERING OF POSITIVE PIONS FROM $^{12}${C} AT 30, 40 AND 50 {MeV}},
  journal = 	 "Nucl. Phys.",
  year = 	 1978,
  volume = 	 "A296",
  pages = 	 444
}

@Article{amann,
  author = 	 "J. F. Amann and others",
  title = 	 {Inelastic $\pi^+$ scattering from $^{12}${C} and {Si} at low energies},
  journal = 	 "Phys. Rev.",
  year = 	 1981,
  volume = 	 "C23",
  pages = 	 1635
}

@Article{blecher2,
  author = 	 "M. Blecher and others",
  title = 	 {Isospin effects in $\pi^{\pm}$ elastic scattering from $^{12}${C}, $^{13}${C} and $^{14}${C} at 65 and 80 {MeV}},
  journal = 	 "Phys. Rev.",
  year = 	 1983,
  volume = 	 "C28",
  pages = 	 2033
}

@Article{alden,
  author = 	 "Alden T. Oyer",
  title = 	 {The Measurement of the Elastic Crosssection for Positive Pions on Carbon at 142{MeV}},
  journal =      "LA-6599-T Thesis",
  year = 	 1976,
}

@Article{navon2,
  author = 	 "I. Navon and others",
  title = 	 {True Absorption and Scattering of 125 {MeV} Pions on Nuclei},
  journal = 	 "Phys. Rev. Lett",
  year = 	 1979,
  volume = 	 "42",
  pages = 	 1465
}

@Article{scibar2,
  author = 	 "K. Nitta and others",
  title = 	 {The {K2K} SciBar Detector},
  journal = 	 "Nucl.\ Instrum.\ Meth.",
  year = 	 2004,
  volume = 	 "A535",
  pages = 	 147
}

@Article{geant,
  author = 	 "S. Agostinelli and others",
  title = 	 {Geant4 - a simulation toolkit},
  journal = 	 "Nucl. Instrum. Meth.",
  year = 	 2003,
  volume = 	 "A506",
  pages = 	 250
}

@Article{scinet,
  author         = "C. Loken and others",
  year           = {2010},
  title={SciNet: Lessons Learned from Building a Power-efficient Top-20 System and Data Centre},
  journal={Journal of Physics: Conference Series},
  volume={256},
  number={1},
  pages={012026},
  url={http://stacks.iop.org/1742-6596/256/i=1/a=012026},
  year={2010},
}
